<?xml version="1.0" encoding="UTF-8"?><collection xmlns="http://www.loc.gov/MARC21/slim"><record><leader>00481nam--2200169-i-4500</leader><controlfield tag="001">000029779</controlfield><controlfield tag="002">20161230</controlfield><controlfield tag="005">20170127211624</controlfield><controlfield tag="008">060222s1000------------r-----000-0-eng-d</controlfield><datafield ind1=" " ind2=" " tag="080"><subfield code="a">548.73(083.5)</subfield></datafield><datafield ind1=" " ind2=" " tag="100"><subfield code="a">Love, W. F</subfield></datafield><datafield ind1=" " ind2=" " tag="245"><subfield code="a">Tables of irreductible representations of space groups and co-representations of magnetic space groups</subfield></datafield><datafield ind1=" " ind2=" " tag="260"><subfield code="a">Boulder</subfield><subfield code="b">Pruett Press</subfield><subfield code="c">1967</subfield></datafield><datafield ind1=" " ind2=" " tag="300"><subfield code="a">1095 p</subfield></datafield><datafield ind1=" " ind2=" " tag="700"><subfield code="a">Miller, S. C</subfield></datafield><datafield ind1=" " ind2=" " tag="852"><subfield code="a">76294</subfield></datafield><datafield ind1=" " ind2=" " tag="CAT"><subfield code="a">SYS</subfield><subfield code="c">20170127</subfield><subfield code="h">211624</subfield></datafield></record></collection>